
@inproceedings{Wang2018,
abstract = {A total synthesis of (4S, 5S, 11R) and (4S, 5S, 11S)-iso-cladospolide B has been achieved using a commercially available starting material and our furan approach to oxacyclic systems, the proven scope of which is thus broadened. {\textcopyright} 2013 Elsevier Ltd. All rights reserved.},
author = {Wang, Sheng and Bao, Zhifeng and Culpepper, J. Shane and Xie, Zizhe and Liu, Qizhi and Qin, Xiaolin},
booktitle = {41st International ACM SIGIR Conference on Research and Development in Information Retrieval, SIGIR 2018},

file = {:Users/tiger/Desktop/papers/Handwriten Recognition/p535-wang.pdf:pdf},
isbn = {9781450356572},
keywords = {Compression,Effectiveness evaluation,Inverted index,Map matching,Road network,Trajectory search},
mendeley-groups = {Handwriten Recognition},
pages = {535--544},
title = {{Torch: A search engine for trajectory data}},
year = {2018}
}

@inproceedings{HintonN05,
	author    = {Geoffrey E. Hinton and
	Vinod Nair},
	title     = {Inferring Motor Programs from Images of Handwritten Digits},
	booktitle = {Advances in Neural Information Processing Systems 18 [Neural Information
	Processing Systems, {NIPS} 2005, December 5-8, 2005, Vancouver, British
	Columbia, Canada]},
	pages     = {515--522},
	year      = {2005},
	crossref  = {DBLP:conf/nips/2005},

	timestamp = {Thu, 11 Dec 2014 17:34:08 +0100},
	biburl    = {https://dblp.org/rec/bib/conf/nips/HintonN05},
	bibsource = {dblp computer science bibliography, https://dblp.org}
}

@inproceedings{VikramLR13,
	author    = {Sharad Vikram and
	Lei Li and
	Stuart J. Russell},
	title     = {Writing and sketching in the air, recognizing and controlling on the
	fly},
	booktitle = {2013 {ACM} {SIGCHI} Conference on Human Factors in Computing Systems,
	{CHI} '13, Paris, France, April 27 - May 2, 2013, Extended Abstracts},
	pages     = {1179--1184},
	year      = {2013},
	crossref  = {DBLP:conf/chi/2013a},
	timestamp = {Tue, 06 Nov 2018 16:58:53 +0100},
	biburl    = {https://dblp.org/rec/bib/conf/chi/VikramLR13},
	bibsource = {dblp computer science bibliography, https://dblp.org}
}

@inproceedings{GuptaJFSA18,
	author    = {Agrim Gupta and
	Justin Johnson and
	Li Fei{-}Fei and
	Silvio Savarese and
	Alexandre Alahi},
	title     = {Social {GAN:} Socially Acceptable Trajectories With Generative Adversarial
	Networks},
	booktitle = {2018 {IEEE} Conference on Computer Vision and Pattern Recognition,
	{CVPR} 2018, Salt Lake City, UT, USA, June 18-22, 2018},
	pages     = {2255--2264},
	year      = {2018},
	crossref  = {DBLP:conf/cvpr/2018},

	timestamp = {Mon, 22 Jul 2019 14:55:35 +0200},
	biburl    = {https://dblp.org/rec/bib/conf/cvpr/GuptaJFSA18},
	bibsource = {dblp computer science bibliography, https://dblp.org}
}

@inproceedings{RakthanmanonDTW,
	author    = {Thanawin Rakthanmanon and
	Bilson J. L. Campana and
	Abdullah Mueen and
	Gustavo E. A. P. A. Batista and
	M. Brandon Westover and
	Qiang Zhu and
	Jesin Zakaria and
	Eamonn J. Keogh},
	title     = {Searching and mining trillions of time series subsequences under dynamic
	time warping},
	booktitle = {The 18th {ACM} {SIGKDD} International Conference on Knowledge Discovery
	and Data Mining, {KDD} '12, Beijing, China, August 12-16, 2012},
	pages     = {262--270},
	year      = {2012},
	crossref  = {DBLP:conf/kdd/2012},

	timestamp = {Tue, 06 Nov 2018 16:59:35 +0100},
	biburl    = {https://dblp.org/rec/bib/conf/kdd/RakthanmanonCMBWZZK12},
	bibsource = {dblp computer science bibliography, https://dblp.org}
}

@inproceedings{DBLP:conf/kdd/WangLCJ19,
	author    = {Zheng Wang and
	Cheng Long and
	Gao Cong and
	Ce Ju},
	title     = {Effective and Efficient Sports Play Retrieval with Deep Representation
	Learning},
	booktitle = {Proceedings of the 25th {ACM} {SIGKDD} International Conference on
	Knowledge Discovery {\&} Data Mining, {KDD} 2019, Anchorage, AK,
	USA, August 4-8, 2019.},
	pages     = {499--509},
	year      = {2019},
	crossref  = {DBLP:conf/kdd/2019},
	timestamp = {Sun, 28 Jul 2019 15:40:22 +0200},
	biburl    = {https://dblp.org/rec/bib/conf/kdd/WangLCJ19},
	bibsource = {dblp computer science bibliography, https://dblp.org}
}